%YAML 1.1
%TAG !u! tag:unity3d.com,2011:
--- !u!1 &2576020383251691812
GameObject:
  m_ObjectHideFlags: 0
  m_CorrespondingSourceObject: {fileID: 0}
  m_PrefabInstance: {fileID: 0}
  m_PrefabAsset: {fileID: 0}
  serializedVersion: 6
  m_Component:
  - component: {fileID: 7157279550325788556}
  - component: {fileID: 6796921128466082294}
  m_Layer: 0
  m_Name: Installer
  m_TagString: Untagged
  m_Icon: {fileID: 0}
  m_NavMeshLayer: 0
  m_StaticEditorFlags: 0
  m_IsActive: 1
--- !u!4 &7157279550325788556
Transform:
  m_ObjectHideFlags: 0
  m_CorrespondingSourceObject: {fileID: 0}
  m_PrefabInstance: {fileID: 0}
  m_PrefabAsset: {fileID: 0}
  m_GameObject: {fileID: 2576020383251691812}
  m_LocalRotation: {x: 0, y: 0, z: 0, w: 1}
  m_LocalPosition: {x: -10.438185, y: 0.41999996, z: -11.868431}
  m_LocalScale: {x: 1, y: 1, z: 1}
  m_Children:
  - {fileID: 6330607101619617972}
  - {fileID: 8498999040757703423}
  m_Father: {fileID: 0}
  m_RootOrder: 0
  m_LocalEulerAnglesHint: {x: 0, y: 0, z: 0}
--- !u!114 &6796921128466082294
MonoBehaviour:
  m_ObjectHideFlags: 0
  m_CorrespondingSourceObject: {fileID: 0}
  m_PrefabInstance: {fileID: 0}
  m_PrefabAsset: {fileID: 0}
  m_GameObject: {fileID: 2576020383251691812}
  m_Enabled: 1
  m_EditorHideFlags: 0
  m_Script: {fileID: 11500000, guid: 4272f98ca1b1c6b49bc83c7592dbdbdc, type: 3}
  m_Name: 
  m_EditorClassIdentifier: 
--- !u!1001 &1068528046912480997
PrefabInstance:
  m_ObjectHideFlags: 0
  serializedVersion: 2
  m_Modification:
    m_TransformParent: {fileID: 7157279550325788556}
    m_Modifications:
    - target: {fileID: 6417340326911469136, guid: 24c7dcb8591c72a498aecfcf7dde84e4,
        type: 3}
      propertyPath: levelObjectRenders.Array.size
      value: 12
      objectReference: {fileID: 0}
    - target: {fileID: 6417340326911469136, guid: 24c7dcb8591c72a498aecfcf7dde84e4,
        type: 3}
      propertyPath: levelObjectRenders.Array.data[0]
      value: 
      objectReference: {fileID: 0}
    - target: {fileID: 6417340326911469136, guid: 24c7dcb8591c72a498aecfcf7dde84e4,
        type: 3}
      propertyPath: levelObjectRenders.Array.data[1]
      value: 
      objectReference: {fileID: 0}
    - target: {fileID: 6417340326911469136, guid: 24c7dcb8591c72a498aecfcf7dde84e4,
        type: 3}
      propertyPath: levelObjectRenders.Array.data[2]
      value: 
      objectReference: {fileID: 0}
    - target: {fileID: 6417340326911469136, guid: 24c7dcb8591c72a498aecfcf7dde84e4,
        type: 3}
      propertyPath: levelObjectRenders.Array.data[3]
      value: 
      objectReference: {fileID: 0}
    - target: {fileID: 6417340326911469136, guid: 24c7dcb8591c72a498aecfcf7dde84e4,
        type: 3}
      propertyPath: levelObjectRenders.Array.data[4]
      value: 
      objectReference: {fileID: 0}
    - target: {fileID: 6417340326911469136, guid: 24c7dcb8591c72a498aecfcf7dde84e4,
        type: 3}
      propertyPath: levelObjectRenders.Array.data[5]
      value: 
      objectReference: {fileID: 0}
    - target: {fileID: 6417340326911469136, guid: 24c7dcb8591c72a498aecfcf7dde84e4,
        type: 3}
      propertyPath: levelObjectRenders.Array.data[6]
      value: 
      objectReference: {fileID: 0}
    - target: {fileID: 6417340326911469136, guid: 24c7dcb8591c72a498aecfcf7dde84e4,
        type: 3}
      propertyPath: levelObjectRenders.Array.data[7]
      value: 
      objectReference: {fileID: 0}
    - target: {fileID: 6417340326911469136, guid: 24c7dcb8591c72a498aecfcf7dde84e4,
        type: 3}
      propertyPath: levelObjectRenders.Array.data[8]
      value: 
      objectReference: {fileID: 0}
    - target: {fileID: 6417340326911469136, guid: 24c7dcb8591c72a498aecfcf7dde84e4,
        type: 3}
      propertyPath: levelObjectRenders.Array.data[9]
      value: 
      objectReference: {fileID: 0}
    - target: {fileID: 6417340326911469136, guid: 24c7dcb8591c72a498aecfcf7dde84e4,
        type: 3}
      propertyPath: levelObjectRenders.Array.data[10]
      value: 
      objectReference: {fileID: 0}
    - target: {fileID: 6417340326911469136, guid: 24c7dcb8591c72a498aecfcf7dde84e4,
        type: 3}
      propertyPath: levelObjectRenders.Array.data[11]
      value: 
      objectReference: {fileID: 0}
    - target: {fileID: 6417340326911469137, guid: 24c7dcb8591c72a498aecfcf7dde84e4,
        type: 3}
      propertyPath: m_RootOrder
      value: 0
      objectReference: {fileID: 0}
    - target: {fileID: 6417340326911469137, guid: 24c7dcb8591c72a498aecfcf7dde84e4,
        type: 3}
      propertyPath: m_LocalPosition.x
      value: 0
      objectReference: {fileID: 0}
    - target: {fileID: 6417340326911469137, guid: 24c7dcb8591c72a498aecfcf7dde84e4,
        type: 3}
      propertyPath: m_LocalPosition.y
      value: 0
      objectReference: {fileID: 0}
    - target: {fileID: 6417340326911469137, guid: 24c7dcb8591c72a498aecfcf7dde84e4,
        type: 3}
      propertyPath: m_LocalPosition.z
      value: 0
      objectReference: {fileID: 0}
    - target: {fileID: 6417340326911469137, guid: 24c7dcb8591c72a498aecfcf7dde84e4,
        type: 3}
      propertyPath: m_LocalRotation.w
      value: 1
      objectReference: {fileID: 0}
    - target: {fileID: 6417340326911469137, guid: 24c7dcb8591c72a498aecfcf7dde84e4,
        type: 3}
      propertyPath: m_LocalRotation.x
      value: 0
      objectReference: {fileID: 0}
    - target: {fileID: 6417340326911469137, guid: 24c7dcb8591c72a498aecfcf7dde84e4,
        type: 3}
      propertyPath: m_LocalRotation.y
      value: 0
      objectReference: {fileID: 0}
    - target: {fileID: 6417340326911469137, guid: 24c7dcb8591c72a498aecfcf7dde84e4,
        type: 3}
      propertyPath: m_LocalRotation.z
      value: 0
      objectReference: {fileID: 0}
    - target: {fileID: 6417340326911469137, guid: 24c7dcb8591c72a498aecfcf7dde84e4,
        type: 3}
      propertyPath: m_LocalEulerAnglesHint.x
      value: 0
      objectReference: {fileID: 0}
    - target: {fileID: 6417340326911469137, guid: 24c7dcb8591c72a498aecfcf7dde84e4,
        type: 3}
      propertyPath: m_LocalEulerAnglesHint.y
      value: 0
      objectReference: {fileID: 0}
    - target: {fileID: 6417340326911469137, guid: 24c7dcb8591c72a498aecfcf7dde84e4,
        type: 3}
      propertyPath: m_LocalEulerAnglesHint.z
      value: 0
      objectReference: {fileID: 0}
    - target: {fileID: 6417340326911469151, guid: 24c7dcb8591c72a498aecfcf7dde84e4,
        type: 3}
      propertyPath: m_Name
      value: Level VFX
      objectReference: {fileID: 0}
    m_RemovedComponents: []
  m_SourcePrefab: {fileID: 100100000, guid: 24c7dcb8591c72a498aecfcf7dde84e4, type: 3}
--- !u!4 &6330607101619617972 stripped
Transform:
  m_CorrespondingSourceObject: {fileID: 6417340326911469137, guid: 24c7dcb8591c72a498aecfcf7dde84e4,
    type: 3}
  m_PrefabInstance: {fileID: 1068528046912480997}
  m_PrefabAsset: {fileID: 0}
--- !u!1001 &8570152318591523339
PrefabInstance:
  m_ObjectHideFlags: 0
  serializedVersion: 2
  m_Modification:
    m_TransformParent: {fileID: 7157279550325788556}
    m_Modifications:
    - target: {fileID: 101010578, guid: df268274c31434315bb65640378306eb, type: 3}
      propertyPath: m_AnchorMax.y
      value: 0
      objectReference: {fileID: 0}
    - target: {fileID: 101010578, guid: df268274c31434315bb65640378306eb, type: 3}
      propertyPath: m_AnchorMin.y
      value: 0
      objectReference: {fileID: 0}
    - target: {fileID: 101010578, guid: df268274c31434315bb65640378306eb, type: 3}
      propertyPath: m_SizeDelta.x
      value: 1254
      objectReference: {fileID: 0}
    - target: {fileID: 101010578, guid: df268274c31434315bb65640378306eb, type: 3}
      propertyPath: m_AnchoredPosition.x
      value: 5
      objectReference: {fileID: 0}
    - target: {fileID: 101010578, guid: df268274c31434315bb65640378306eb, type: 3}
      propertyPath: m_AnchoredPosition.y
      value: 0
      objectReference: {fileID: 0}
    - target: {fileID: 1568148446550794, guid: df268274c31434315bb65640378306eb, type: 3}
      propertyPath: m_Name
      value: DevConsoleUI
      objectReference: {fileID: 0}
    - target: {fileID: 114182949588537494, guid: df268274c31434315bb65640378306eb,
        type: 3}
      propertyPath: m_Value
      value: 1
      objectReference: {fileID: 0}
    - target: {fileID: 114538906228309276, guid: df268274c31434315bb65640378306eb,
        type: 3}
      propertyPath: activationAction.m_Id
      value: a5bb75d3-889e-429b-9e4e-e92ea0c1fbbc
      objectReference: {fileID: 0}
    - target: {fileID: 114538906228309276, guid: df268274c31434315bb65640378306eb,
        type: 3}
      propertyPath: autocompleteAction.m_Id
      value: 16460833-ad37-4129-bda4-0febbd69b54d
      objectReference: {fileID: 0}
    - target: {fileID: 114538906228309276, guid: df268274c31434315bb65640378306eb,
        type: 3}
      propertyPath: autocompleteReverseAction.m_Id
      value: 730e25dc-82ed-4999-b964-d331af20de2a
      objectReference: {fileID: 0}
    - target: {fileID: 114538906228309276, guid: df268274c31434315bb65640378306eb,
        type: 3}
      propertyPath: activationAction.m_SingletonActionBindings.Array.data[0].m_Id
      value: 1d4c9b9c-79d5-40f4-9c1b-5d60b7b6e2b3
      objectReference: {fileID: 0}
    - target: {fileID: 114538906228309276, guid: df268274c31434315bb65640378306eb,
        type: 3}
      propertyPath: autocompleteAction.m_SingletonActionBindings.Array.data[0].m_Id
      value: a07a523c-8df4-4b67-b65b-acd044ce7e6d
      objectReference: {fileID: 0}
    - target: {fileID: 114538906228309276, guid: df268274c31434315bb65640378306eb,
        type: 3}
      propertyPath: autocompleteReverseAction.m_SingletonActionBindings.Array.data[0].m_Id
      value: 24c4a8b2-145a-48ca-9de3-45432517e390
      objectReference: {fileID: 0}
    - target: {fileID: 114897841333909116, guid: df268274c31434315bb65640378306eb,
        type: 3}
      propertyPath: m_Value
      value: 1
      objectReference: {fileID: 0}
    - target: {fileID: 224241397245442224, guid: df268274c31434315bb65640378306eb,
        type: 3}
      propertyPath: m_AnchorMax.x
      value: 0
      objectReference: {fileID: 0}
    - target: {fileID: 224241397245442224, guid: df268274c31434315bb65640378306eb,
        type: 3}
      propertyPath: m_AnchorMax.y
      value: 0
      objectReference: {fileID: 0}
    - target: {fileID: 224387922264932778, guid: df268274c31434315bb65640378306eb,
        type: 3}
      propertyPath: m_SizeDelta.y
      value: 0
      objectReference: {fileID: 0}
    - target: {fileID: 224562853055363316, guid: df268274c31434315bb65640378306eb,
        type: 3}
      propertyPath: m_Pivot.x
      value: 0
      objectReference: {fileID: 0}
    - target: {fileID: 224562853055363316, guid: df268274c31434315bb65640378306eb,
        type: 3}
      propertyPath: m_Pivot.y
      value: 0
      objectReference: {fileID: 0}
    - target: {fileID: 224562853055363316, guid: df268274c31434315bb65640378306eb,
        type: 3}
      propertyPath: m_RootOrder
      value: 1
      objectReference: {fileID: 0}
    - target: {fileID: 224562853055363316, guid: df268274c31434315bb65640378306eb,
        type: 3}
      propertyPath: m_AnchorMax.x
      value: 0
      objectReference: {fileID: 0}
    - target: {fileID: 224562853055363316, guid: df268274c31434315bb65640378306eb,
        type: 3}
      propertyPath: m_AnchorMax.y
      value: 0
      objectReference: {fileID: 0}
    - target: {fileID: 224562853055363316, guid: df268274c31434315bb65640378306eb,
        type: 3}
      propertyPath: m_AnchorMin.x
      value: 0
      objectReference: {fileID: 0}
    - target: {fileID: 224562853055363316, guid: df268274c31434315bb65640378306eb,
        type: 3}
      propertyPath: m_AnchorMin.y
      value: 0
      objectReference: {fileID: 0}
    - target: {fileID: 224562853055363316, guid: df268274c31434315bb65640378306eb,
        type: 3}
      propertyPath: m_SizeDelta.x
      value: 0
      objectReference: {fileID: 0}
    - target: {fileID: 224562853055363316, guid: df268274c31434315bb65640378306eb,
        type: 3}
      propertyPath: m_SizeDelta.y
      value: 0
      objectReference: {fileID: 0}
    - target: {fileID: 224562853055363316, guid: df268274c31434315bb65640378306eb,
        type: 3}
      propertyPath: m_LocalPosition.x
      value: 0
      objectReference: {fileID: 0}
    - target: {fileID: 224562853055363316, guid: df268274c31434315bb65640378306eb,
        type: 3}
      propertyPath: m_LocalPosition.y
      value: 0
      objectReference: {fileID: 0}
    - target: {fileID: 224562853055363316, guid: df268274c31434315bb65640378306eb,
        type: 3}
      propertyPath: m_LocalPosition.z
      value: 0
      objectReference: {fileID: 0}
    - target: {fileID: 224562853055363316, guid: df268274c31434315bb65640378306eb,
        type: 3}
      propertyPath: m_LocalRotation.w
      value: 1
      objectReference: {fileID: 0}
    - target: {fileID: 224562853055363316, guid: df268274c31434315bb65640378306eb,
        type: 3}
      propertyPath: m_LocalRotation.x
      value: 0
      objectReference: {fileID: 0}
    - target: {fileID: 224562853055363316, guid: df268274c31434315bb65640378306eb,
        type: 3}
      propertyPath: m_LocalRotation.y
      value: 0
      objectReference: {fileID: 0}
    - target: {fileID: 224562853055363316, guid: df268274c31434315bb65640378306eb,
        type: 3}
      propertyPath: m_LocalRotation.z
      value: 0
      objectReference: {fileID: 0}
    - target: {fileID: 224562853055363316, guid: df268274c31434315bb65640378306eb,
        type: 3}
      propertyPath: m_AnchoredPosition.x
      value: 0
      objectReference: {fileID: 0}
    - target: {fileID: 224562853055363316, guid: df268274c31434315bb65640378306eb,
        type: 3}
      propertyPath: m_AnchoredPosition.y
      value: 0
      objectReference: {fileID: 0}
    - target: {fileID: 224562853055363316, guid: df268274c31434315bb65640378306eb,
        type: 3}
      propertyPath: m_LocalEulerAnglesHint.x
      value: 0
      objectReference: {fileID: 0}
    - target: {fileID: 224562853055363316, guid: df268274c31434315bb65640378306eb,
        type: 3}
      propertyPath: m_LocalEulerAnglesHint.y
      value: 0
      objectReference: {fileID: 0}
    - target: {fileID: 224562853055363316, guid: df268274c31434315bb65640378306eb,
        type: 3}
      propertyPath: m_LocalEulerAnglesHint.z
      value: 0
      objectReference: {fileID: 0}
    - target: {fileID: 224572723145427736, guid: df268274c31434315bb65640378306eb,
        type: 3}
      propertyPath: m_AnchorMax.x
      value: 0
      objectReference: {fileID: 0}
    - target: {fileID: 224572723145427736, guid: df268274c31434315bb65640378306eb,
        type: 3}
      propertyPath: m_AnchorMax.y
      value: 0
      objectReference: {fileID: 0}
    m_RemovedComponents: []
  m_SourcePrefab: {fileID: 100100000, guid: df268274c31434315bb65640378306eb, type: 3}
--- !u!224 &8498999040757703423 stripped
RectTransform:
  m_CorrespondingSourceObject: {fileID: 224562853055363316, guid: df268274c31434315bb65640378306eb,
    type: 3}
  m_PrefabInstance: {fileID: 8570152318591523339}
  m_PrefabAsset: {fileID: 0}
