%YAML 1.1
%TAG !u! tag:unity3d.com,2011:
--- !u!1 &4393864065178301167
GameObject:
  m_ObjectHideFlags: 0
  m_CorrespondingSourceObject: {fileID: 0}
  m_PrefabInstance: {fileID: 0}
  m_PrefabAsset: {fileID: 0}
  serializedVersion: 6
  m_Component:
  - component: {fileID: 6628037711836142599}
  m_Layer: 0
  m_Name: DoorEmpty
  m_TagString: Untagged
  m_Icon: {fileID: 0}
  m_NavMeshLayer: 0
  m_StaticEditorFlags: 4294967295
  m_IsActive: 1
--- !u!4 &6628037711836142599
Transform:
  m_ObjectHideFlags: 0
  m_CorrespondingSourceObject: {fileID: 0}
  m_PrefabInstance: {fileID: 0}
  m_PrefabAsset: {fileID: 0}
  m_GameObject: {fileID: 4393864065178301167}
  m_LocalRotation: {x: -0, y: -0.8547117, z: -0, w: 0.519103}
  m_LocalPosition: {x: -12.59, y: 0.42, z: -8.41}
  m_LocalScale: {x: 1, y: 1, z: 1}
  m_Children:
  - {fileID: 7959051429719749482}
  - {fileID: 2052436203339274856}
  - {fileID: 7959051430592952305}
  m_Father: {fileID: 0}
  m_RootOrder: 0
  m_LocalEulerAnglesHint: {x: 0, y: -117.456, z: 0}
--- !u!1001 &4441269120810944604
PrefabInstance:
  m_ObjectHideFlags: 0
  serializedVersion: 2
  m_Modification:
    m_TransformParent: {fileID: 6628037711836142599}
    m_Modifications:
    - target: {fileID: 6041215681114390445, guid: 081aadd8df799b740b01778eb18e9afa,
        type: 3}
      propertyPath: m_RootOrder
      value: 2
      objectReference: {fileID: 0}
    - target: {fileID: 6041215681114390445, guid: 081aadd8df799b740b01778eb18e9afa,
        type: 3}
      propertyPath: m_LocalPosition.x
      value: 7.191
      objectReference: {fileID: 0}
    - target: {fileID: 6041215681114390445, guid: 081aadd8df799b740b01778eb18e9afa,
        type: 3}
      propertyPath: m_LocalPosition.y
      value: 0.506
      objectReference: {fileID: 0}
    - target: {fileID: 6041215681114390445, guid: 081aadd8df799b740b01778eb18e9afa,
        type: 3}
      propertyPath: m_LocalPosition.z
      value: 8.865
      objectReference: {fileID: 0}
    - target: {fileID: 6041215681114390445, guid: 081aadd8df799b740b01778eb18e9afa,
        type: 3}
      propertyPath: m_LocalRotation.w
      value: 0.6322472
      objectReference: {fileID: 0}
    - target: {fileID: 6041215681114390445, guid: 081aadd8df799b740b01778eb18e9afa,
        type: 3}
      propertyPath: m_LocalRotation.x
      value: -0.6322472
      objectReference: {fileID: 0}
    - target: {fileID: 6041215681114390445, guid: 081aadd8df799b740b01778eb18e9afa,
        type: 3}
      propertyPath: m_LocalRotation.y
      value: -0.3166442
      objectReference: {fileID: 0}
    - target: {fileID: 6041215681114390445, guid: 081aadd8df799b740b01778eb18e9afa,
        type: 3}
      propertyPath: m_LocalRotation.z
      value: -0.3166442
      objectReference: {fileID: 0}
    - target: {fileID: 6041215681114390445, guid: 081aadd8df799b740b01778eb18e9afa,
        type: 3}
      propertyPath: m_LocalEulerAnglesHint.x
      value: -90
      objectReference: {fileID: 0}
    - target: {fileID: 6041215681114390445, guid: 081aadd8df799b740b01778eb18e9afa,
        type: 3}
      propertyPath: m_LocalEulerAnglesHint.y
      value: 0
      objectReference: {fileID: 0}
    - target: {fileID: 6041215681114390445, guid: 081aadd8df799b740b01778eb18e9afa,
        type: 3}
      propertyPath: m_LocalEulerAnglesHint.z
      value: -53.206
      objectReference: {fileID: 0}
    - target: {fileID: 9039294144566250900, guid: 081aadd8df799b740b01778eb18e9afa,
        type: 3}
      propertyPath: m_Name
      value: puerta_madera
      objectReference: {fileID: 0}
    m_RemovedComponents: []
  m_SourcePrefab: {fileID: 100100000, guid: 081aadd8df799b740b01778eb18e9afa, type: 3}
--- !u!4 &7959051430592952305 stripped
Transform:
  m_CorrespondingSourceObject: {fileID: 6041215681114390445, guid: 081aadd8df799b740b01778eb18e9afa,
    type: 3}
  m_PrefabInstance: {fileID: 4441269120810944604}
  m_PrefabAsset: {fileID: 0}
--- !u!1001 &4441269121683098823
PrefabInstance:
  m_ObjectHideFlags: 0
  serializedVersion: 2
  m_Modification:
    m_TransformParent: {fileID: 6628037711836142599}
    m_Modifications:
    - target: {fileID: 427376019830131577, guid: 081aadd8df799b740b01778eb18e9afa,
        type: 3}
      propertyPath: m_StaticEditorFlags
      value: 4294967295
      objectReference: {fileID: 0}
    - target: {fileID: 3892642649892838068, guid: 081aadd8df799b740b01778eb18e9afa,
        type: 3}
      propertyPath: m_LocalPosition.x
      value: -0.00648
      objectReference: {fileID: 0}
    - target: {fileID: 3892642649892838068, guid: 081aadd8df799b740b01778eb18e9afa,
        type: 3}
      propertyPath: m_LocalPosition.y
      value: 0.05159
      objectReference: {fileID: 0}
    - target: {fileID: 6041215681114390445, guid: 081aadd8df799b740b01778eb18e9afa,
        type: 3}
      propertyPath: m_RootOrder
      value: 0
      objectReference: {fileID: 0}
    - target: {fileID: 6041215681114390445, guid: 081aadd8df799b740b01778eb18e9afa,
        type: 3}
      propertyPath: m_LocalScale.x
      value: 120.38988
      objectReference: {fileID: 0}
    - target: {fileID: 6041215681114390445, guid: 081aadd8df799b740b01778eb18e9afa,
        type: 3}
      propertyPath: m_LocalScale.y
      value: 120.38983
      objectReference: {fileID: 0}
    - target: {fileID: 6041215681114390445, guid: 081aadd8df799b740b01778eb18e9afa,
        type: 3}
      propertyPath: m_LocalPosition.x
      value: 5.661
      objectReference: {fileID: 0}
    - target: {fileID: 6041215681114390445, guid: 081aadd8df799b740b01778eb18e9afa,
        type: 3}
      propertyPath: m_LocalPosition.y
      value: 0.498
      objectReference: {fileID: 0}
    - target: {fileID: 6041215681114390445, guid: 081aadd8df799b740b01778eb18e9afa,
        type: 3}
      propertyPath: m_LocalPosition.z
      value: 9.84
      objectReference: {fileID: 0}
    - target: {fileID: 6041215681114390445, guid: 081aadd8df799b740b01778eb18e9afa,
        type: 3}
      propertyPath: m_LocalRotation.w
      value: 0.61757916
      objectReference: {fileID: 0}
    - target: {fileID: 6041215681114390445, guid: 081aadd8df799b740b01778eb18e9afa,
        type: 3}
      propertyPath: m_LocalRotation.x
      value: -0.61757916
      objectReference: {fileID: 0}
    - target: {fileID: 6041215681114390445, guid: 081aadd8df799b740b01778eb18e9afa,
        type: 3}
      propertyPath: m_LocalRotation.y
      value: -0.34437767
      objectReference: {fileID: 0}
    - target: {fileID: 6041215681114390445, guid: 081aadd8df799b740b01778eb18e9afa,
        type: 3}
      propertyPath: m_LocalRotation.z
      value: -0.34437767
      objectReference: {fileID: 0}
    - target: {fileID: 6041215681114390445, guid: 081aadd8df799b740b01778eb18e9afa,
        type: 3}
      propertyPath: m_LocalEulerAnglesHint.x
      value: -90
      objectReference: {fileID: 0}
    - target: {fileID: 6041215681114390445, guid: 081aadd8df799b740b01778eb18e9afa,
        type: 3}
      propertyPath: m_LocalEulerAnglesHint.y
      value: 0
      objectReference: {fileID: 0}
    - target: {fileID: 6041215681114390445, guid: 081aadd8df799b740b01778eb18e9afa,
        type: 3}
      propertyPath: m_LocalEulerAnglesHint.z
      value: -58.29
      objectReference: {fileID: 0}
    - target: {fileID: 9039294144566250900, guid: 081aadd8df799b740b01778eb18e9afa,
        type: 3}
      propertyPath: m_Name
      value: puerta_madera
      objectReference: {fileID: 0}
    - target: {fileID: 9039294144566250900, guid: 081aadd8df799b740b01778eb18e9afa,
        type: 3}
      propertyPath: m_StaticEditorFlags
      value: 4294967295
      objectReference: {fileID: 0}
    m_RemovedComponents: []
  m_SourcePrefab: {fileID: 100100000, guid: 081aadd8df799b740b01778eb18e9afa, type: 3}
--- !u!4 &7959051429719749482 stripped
Transform:
  m_CorrespondingSourceObject: {fileID: 6041215681114390445, guid: 081aadd8df799b740b01778eb18e9afa,
    type: 3}
  m_PrefabInstance: {fileID: 4441269121683098823}
  m_PrefabAsset: {fileID: 0}
--- !u!1001 &4441269122282512226
PrefabInstance:
  m_ObjectHideFlags: 0
  serializedVersion: 2
  m_Modification:
    m_TransformParent: {fileID: 6628037711836142599}
    m_Modifications:
    - target: {fileID: 2439043784147666186, guid: 61cb1bd96b73ede478da8f62505ca01c,
        type: 3}
      propertyPath: m_RootOrder
      value: 1
      objectReference: {fileID: 0}
    - target: {fileID: 2439043784147666186, guid: 61cb1bd96b73ede478da8f62505ca01c,
        type: 3}
      propertyPath: m_LocalPosition.x
      value: 9.68
      objectReference: {fileID: 0}
    - target: {fileID: 2439043784147666186, guid: 61cb1bd96b73ede478da8f62505ca01c,
        type: 3}
      propertyPath: m_LocalPosition.y
      value: -0.5
      objectReference: {fileID: 0}
    - target: {fileID: 2439043784147666186, guid: 61cb1bd96b73ede478da8f62505ca01c,
        type: 3}
      propertyPath: m_LocalPosition.z
      value: 4.4119997
      objectReference: {fileID: 0}
    - target: {fileID: 2439043784147666186, guid: 61cb1bd96b73ede478da8f62505ca01c,
        type: 3}
      propertyPath: m_LocalRotation.w
      value: 0.61284626
      objectReference: {fileID: 0}
    - target: {fileID: 2439043784147666186, guid: 61cb1bd96b73ede478da8f62505ca01c,
        type: 3}
      propertyPath: m_LocalRotation.x
      value: -0.61284643
      objectReference: {fileID: 0}
    - target: {fileID: 2439043784147666186, guid: 61cb1bd96b73ede478da8f62505ca01c,
        type: 3}
      propertyPath: m_LocalRotation.y
      value: -0.3527313
      objectReference: {fileID: 0}
    - target: {fileID: 2439043784147666186, guid: 61cb1bd96b73ede478da8f62505ca01c,
        type: 3}
      propertyPath: m_LocalRotation.z
      value: -0.35273132
      objectReference: {fileID: 0}
    - target: {fileID: 2439043784147666186, guid: 61cb1bd96b73ede478da8f62505ca01c,
        type: 3}
      propertyPath: m_LocalEulerAnglesHint.x
      value: -90
      objectReference: {fileID: 0}
    - target: {fileID: 2439043784147666186, guid: 61cb1bd96b73ede478da8f62505ca01c,
        type: 3}
      propertyPath: m_LocalEulerAnglesHint.y
      value: 0
      objectReference: {fileID: 0}
    - target: {fileID: 2439043784147666186, guid: 61cb1bd96b73ede478da8f62505ca01c,
        type: 3}
      propertyPath: m_LocalEulerAnglesHint.z
      value: -59.846
      objectReference: {fileID: 0}
    - target: {fileID: 8238710645395503223, guid: 61cb1bd96b73ede478da8f62505ca01c,
        type: 3}
      propertyPath: m_Name
      value: arco (2)
      objectReference: {fileID: 0}
    m_RemovedComponents: []
  m_SourcePrefab: {fileID: 100100000, guid: 61cb1bd96b73ede478da8f62505ca01c, type: 3}
--- !u!4 &2052436203339274856 stripped
Transform:
  m_CorrespondingSourceObject: {fileID: 2439043784147666186, guid: 61cb1bd96b73ede478da8f62505ca01c,
    type: 3}
  m_PrefabInstance: {fileID: 4441269122282512226}
  m_PrefabAsset: {fileID: 0}
