%YAML 1.1
%TAG !u! tag:unity3d.com,2011:
--- !u!243 &-7369563247051701712
AudioMixerGroupController:
  m_ObjectHideFlags: 0
  m_CorrespondingSourceObject: {fileID: 0}
  m_PrefabInstance: {fileID: 0}
  m_PrefabAsset: {fileID: 0}
  m_Name: Background
  m_AudioMixer: {fileID: 24100000}
  m_GroupID: ce2889326224ac142ae1ce057a986239
  m_Children: []
  m_Volume: 3c3d068028b0c724294efa873f07d850
  m_Pitch: 3eb295de6c97174449e988bfe64e1c3c
  m_Send: 00000000000000000000000000000000
  m_Effects:
  - {fileID: 1164632080467894645}
  m_UserColorIndex: 0
  m_Mute: 0
  m_Solo: 0
  m_BypassEffects: 0
--- !u!243 &-5328291826075624037
AudioMixerGroupController:
  m_ObjectHideFlags: 0
  m_CorrespondingSourceObject: {fileID: 0}
  m_PrefabInstance: {fileID: 0}
  m_PrefabAsset: {fileID: 0}
  m_Name: VFX
  m_AudioMixer: {fileID: 24100000}
  m_GroupID: b1961cbc889a24244861463ca8f9ec04
  m_Children: []
  m_Volume: 61ce74477c54a4841ba360c7ba550f30
  m_Pitch: ce3c27122159c52429eb7a6e23a7ded0
  m_Send: 00000000000000000000000000000000
  m_Effects:
  - {fileID: 1922896755987424368}
  m_UserColorIndex: 1
  m_Mute: 0
  m_Solo: 0
  m_BypassEffects: 0
--- !u!241 &24100000
AudioMixerController:
  m_ObjectHideFlags: 0
  m_CorrespondingSourceObject: {fileID: 0}
  m_PrefabInstance: {fileID: 0}
  m_PrefabAsset: {fileID: 0}
  m_Name: AudioMixer
  m_OutputGroup: {fileID: 0}
  m_MasterGroup: {fileID: 24300002}
  m_Snapshots:
  - {fileID: 24500006}
  m_StartSnapshot: {fileID: 24500006}
  m_SuspendThreshold: -80
  m_EnableSuspend: 1
  m_UpdateMode: 0
  m_ExposedParameters:
  - guid: 3c3d068028b0c724294efa873f07d850
    name: BackgroundVolume
  - guid: fb329376b2dea5f46916a887cf985104
    name: MasterVolume
  - guid: 61ce74477c54a4841ba360c7ba550f30
    name: VFXVolume
  m_AudioMixerGroupViews:
  - guids:
    - d5728ade3539154439433786721fd1c1
    - ce2889326224ac142ae1ce057a986239
    - b1961cbc889a24244861463ca8f9ec04
    name: View
  m_CurrentViewIndex: 0
  m_TargetSnapshot: {fileID: 24500006}
--- !u!243 &24300002
AudioMixerGroupController:
  m_ObjectHideFlags: 0
  m_CorrespondingSourceObject: {fileID: 0}
  m_PrefabInstance: {fileID: 0}
  m_PrefabAsset: {fileID: 0}
  m_Name: Master
  m_AudioMixer: {fileID: 24100000}
  m_GroupID: d5728ade3539154439433786721fd1c1
  m_Children:
  - {fileID: -7369563247051701712}
  - {fileID: -5328291826075624037}
  m_Volume: fb329376b2dea5f46916a887cf985104
  m_Pitch: 4dcb11aa176d8bc4e8c8244ec89a40d7
  m_Send: 00000000000000000000000000000000
  m_Effects:
  - {fileID: 24400004}
  m_UserColorIndex: 0
  m_Mute: 0
  m_Solo: 0
  m_BypassEffects: 0
--- !u!244 &24400004
AudioMixerEffectController:
  m_ObjectHideFlags: 3
  m_CorrespondingSourceObject: {fileID: 0}
  m_PrefabInstance: {fileID: 0}
  m_PrefabAsset: {fileID: 0}
  m_Name: 
  m_EffectID: d29cbb61bfd318a48b5759ac4c8c33a7
  m_EffectName: Attenuation
  m_MixLevel: 10963fa9b6e541a4f8f29cca94d3cbe3
  m_Parameters: []
  m_SendTarget: {fileID: 0}
  m_EnableWetMix: 0
  m_Bypass: 0
--- !u!245 &24500006
AudioMixerSnapshotController:
  m_ObjectHideFlags: 0
  m_CorrespondingSourceObject: {fileID: 0}
  m_PrefabInstance: {fileID: 0}
  m_PrefabAsset: {fileID: 0}
  m_Name: Snapshot
  m_AudioMixer: {fileID: 24100000}
  m_SnapshotID: 2003c56f9502b80499feb00118a21600
  m_FloatValues:
    61ce74477c54a4841ba360c7ba550f30: -0.02577656
  m_TransitionOverrides: {}
--- !u!244 &1164632080467894645
AudioMixerEffectController:
  m_ObjectHideFlags: 3
  m_CorrespondingSourceObject: {fileID: 0}
  m_PrefabInstance: {fileID: 0}
  m_PrefabAsset: {fileID: 0}
  m_Name: 
  m_EffectID: af1e5bd6ca16b3440a64f714c1d683ff
  m_EffectName: Attenuation
  m_MixLevel: 5532029f290ccdc438ac39da41ca531e
  m_Parameters: []
  m_SendTarget: {fileID: 0}
  m_EnableWetMix: 0
  m_Bypass: 0
--- !u!244 &1922896755987424368
AudioMixerEffectController:
  m_ObjectHideFlags: 3
  m_CorrespondingSourceObject: {fileID: 0}
  m_PrefabInstance: {fileID: 0}
  m_PrefabAsset: {fileID: 0}
  m_Name: 
  m_EffectID: 263ed63355dfa8a43ac3fb6063a9fc69
  m_EffectName: Attenuation
  m_MixLevel: ea889f710280b324fbaedc04402d583c
  m_Parameters: []
  m_SendTarget: {fileID: 0}
  m_EnableWetMix: 0
  m_Bypass: 0
