%YAML 1.1
%TAG !u! tag:unity3d.com,2011:
--- !u!1 &195472851
GameObject:
  m_ObjectHideFlags: 0
  m_CorrespondingSourceObject: {fileID: 0}
  m_PrefabInstance: {fileID: 0}
  m_PrefabAsset: {fileID: 0}
  serializedVersion: 6
  m_Component:
  - component: {fileID: 195472852}
  - component: {fileID: 195472853}
  m_Layer: 0
  m_Name: Point Light
  m_TagString: Untagged
  m_Icon: {fileID: 0}
  m_NavMeshLayer: 0
  m_StaticEditorFlags: 4294967295
  m_IsActive: 1
--- !u!4 &195472852
Transform:
  m_ObjectHideFlags: 0
  m_CorrespondingSourceObject: {fileID: 0}
  m_PrefabInstance: {fileID: 0}
  m_PrefabAsset: {fileID: 0}
  m_GameObject: {fileID: 195472851}
  m_LocalRotation: {x: 0, y: 0, z: 0, w: 1}
  m_LocalPosition: {x: 0.02261, y: 0.014929273, z: 0.014540002}
  m_LocalScale: {x: 1, y: 1, z: 1}
  m_Children: []
  m_Father: {fileID: 9130562836725290666}
  m_RootOrder: 1
  m_LocalEulerAnglesHint: {x: 0, y: 0, z: 0}
--- !u!108 &195472853
Light:
  m_ObjectHideFlags: 0
  m_CorrespondingSourceObject: {fileID: 0}
  m_PrefabInstance: {fileID: 0}
  m_PrefabAsset: {fileID: 0}
  m_GameObject: {fileID: 195472851}
  m_Enabled: 1
  serializedVersion: 10
  m_Type: 2
  m_Shape: 0
  m_Color: {r: 0.9622642, g: 0.37423944, b: 0.12255252, a: 1}
  m_Intensity: 2
  m_Range: 20
  m_SpotAngle: 30
  m_InnerSpotAngle: 21.80208
  m_CookieSize: 10
  m_Shadows:
    m_Type: 2
    m_Resolution: -1
    m_CustomResolution: -1
    m_Strength: 1
    m_Bias: 0.05
    m_NormalBias: 0.4
    m_NearPlane: 0.2
    m_CullingMatrixOverride:
      e00: 1
      e01: 0
      e02: 0
      e03: 0
      e10: 0
      e11: 1
      e12: 0
      e13: 0
      e20: 0
      e21: 0
      e22: 1
      e23: 0
      e30: 0
      e31: 0
      e32: 0
      e33: 1
    m_UseCullingMatrixOverride: 0
  m_Cookie: {fileID: 0}
  m_DrawHalo: 0
  m_Flare: {fileID: 0}
  m_RenderMode: 0
  m_CullingMask:
    serializedVersion: 2
    m_Bits: 4294967295
  m_RenderingLayerMask: 1
  m_Lightmapping: 2
  m_LightShadowCasterMode: 0
  m_AreaSize: {x: 1, y: 1}
  m_BounceIntensity: 1
  m_ColorTemperature: 6570
  m_UseColorTemperature: 0
  m_BoundingSphereOverride: {x: 0, y: 0, z: -0.02, w: 1e-45}
  m_UseBoundingSphereOverride: 0
  m_UseViewFrustumForShadowCasterCull: 1
  m_ShadowRadius: 1
  m_ShadowAngle: 0
--- !u!1 &4438662385690528508
GameObject:
  m_ObjectHideFlags: 0
  m_CorrespondingSourceObject: {fileID: 0}
  m_PrefabInstance: {fileID: 0}
  m_PrefabAsset: {fileID: 0}
  serializedVersion: 6
  m_Component:
  - component: {fileID: 9130562836725290666}
  - component: {fileID: 8433208352389026802}
  - component: {fileID: 4686279458098226657}
  - component: {fileID: 8291963469500434860}
  m_Layer: 0
  m_Name: antorcha
  m_TagString: Wall
  m_Icon: {fileID: 0}
  m_NavMeshLayer: 0
  m_StaticEditorFlags: 4294967295
  m_IsActive: 1
--- !u!4 &9130562836725290666
Transform:
  m_ObjectHideFlags: 0
  m_CorrespondingSourceObject: {fileID: 0}
  m_PrefabInstance: {fileID: 0}
  m_PrefabAsset: {fileID: 0}
  m_GameObject: {fileID: 4438662385690528508}
  m_LocalRotation: {x: -0.7069834, y: 0, z: 0, w: 0.7072302}
  m_LocalPosition: {x: -20.14617, y: 1.427778, z: -15.936219}
  m_LocalScale: {x: 120.38987, y: 120.389854, z: 120.389854}
  m_Children:
  - {fileID: 4548189135805098531}
  - {fileID: 195472852}
  - {fileID: 4926069131735075746}
  m_Father: {fileID: 0}
  m_RootOrder: 0
  m_LocalEulerAnglesHint: {x: -89.98, y: 0, z: 0}
--- !u!33 &8433208352389026802
MeshFilter:
  m_ObjectHideFlags: 0
  m_CorrespondingSourceObject: {fileID: 0}
  m_PrefabInstance: {fileID: 0}
  m_PrefabAsset: {fileID: 0}
  m_GameObject: {fileID: 4438662385690528508}
  m_Mesh: {fileID: 633736848478846868, guid: 5172fa6de15626a4da06580e476c6900, type: 3}
--- !u!23 &4686279458098226657
MeshRenderer:
  m_ObjectHideFlags: 0
  m_CorrespondingSourceObject: {fileID: 0}
  m_PrefabInstance: {fileID: 0}
  m_PrefabAsset: {fileID: 0}
  m_GameObject: {fileID: 4438662385690528508}
  m_Enabled: 1
  m_CastShadows: 1
  m_ReceiveShadows: 1
  m_DynamicOccludee: 1
  m_MotionVectors: 1
  m_LightProbeUsage: 1
  m_ReflectionProbeUsage: 1
  m_RayTracingMode: 2
  m_RayTraceProcedural: 0
  m_RenderingLayerMask: 1
  m_RendererPriority: 0
  m_Materials:
  - {fileID: 2100000, guid: 8cc69f85e49eb894ea459c59c7495aa9, type: 2}
  m_StaticBatchInfo:
    firstSubMesh: 0
    subMeshCount: 0
  m_StaticBatchRoot: {fileID: 0}
  m_ProbeAnchor: {fileID: 0}
  m_LightProbeVolumeOverride: {fileID: 0}
  m_ScaleInLightmap: 1
  m_ReceiveGI: 1
  m_PreserveUVs: 0
  m_IgnoreNormalsForChartDetection: 0
  m_ImportantGI: 0
  m_StitchLightmapSeams: 1
  m_SelectedEditorRenderState: 3
  m_MinimumChartSize: 4
  m_AutoUVMaxDistance: 0.5
  m_AutoUVMaxAngle: 89
  m_LightmapParameters: {fileID: 0}
  m_SortingLayerID: 0
  m_SortingLayer: 0
  m_SortingOrder: 0
  m_AdditionalVertexStreams: {fileID: 0}
--- !u!136 &8291963469500434860
CapsuleCollider:
  m_ObjectHideFlags: 0
  m_CorrespondingSourceObject: {fileID: 0}
  m_PrefabInstance: {fileID: 0}
  m_PrefabAsset: {fileID: 0}
  m_GameObject: {fileID: 4438662385690528508}
  m_Material: {fileID: 0}
  m_IsTrigger: 0
  m_Enabled: 1
  m_Radius: 0.003316295
  m_Height: 0.013345188
  m_Direction: 2
  m_Center: {x: 0.02274802, y: 0.01561565, z: 0.009516}
--- !u!1001 &2397988746266445756
PrefabInstance:
  m_ObjectHideFlags: 0
  serializedVersion: 2
  m_Modification:
    m_TransformParent: {fileID: 9130562836725290666}
    m_Modifications:
    - target: {fileID: 1509470464226319836, guid: dfbcd5857555f094f99b5ce656b2226a,
        type: 3}
      propertyPath: prewarm
      value: 1
      objectReference: {fileID: 0}
    - target: {fileID: 2186840549517733279, guid: dfbcd5857555f094f99b5ce656b2226a,
        type: 3}
      propertyPath: m_RootOrder
      value: 0
      objectReference: {fileID: 0}
    - target: {fileID: 2186840549517733279, guid: dfbcd5857555f094f99b5ce656b2226a,
        type: 3}
      propertyPath: m_LocalPosition.x
      value: 0.02282
      objectReference: {fileID: 0}
    - target: {fileID: 2186840549517733279, guid: dfbcd5857555f094f99b5ce656b2226a,
        type: 3}
      propertyPath: m_LocalPosition.y
      value: 0.01511
      objectReference: {fileID: 0}
    - target: {fileID: 2186840549517733279, guid: dfbcd5857555f094f99b5ce656b2226a,
        type: 3}
      propertyPath: m_LocalPosition.z
      value: 0.0158
      objectReference: {fileID: 0}
    - target: {fileID: 2186840549517733279, guid: dfbcd5857555f094f99b5ce656b2226a,
        type: 3}
      propertyPath: m_LocalRotation.w
      value: 1
      objectReference: {fileID: 0}
    - target: {fileID: 2186840549517733279, guid: dfbcd5857555f094f99b5ce656b2226a,
        type: 3}
      propertyPath: m_LocalRotation.x
      value: 0
      objectReference: {fileID: 0}
    - target: {fileID: 2186840549517733279, guid: dfbcd5857555f094f99b5ce656b2226a,
        type: 3}
      propertyPath: m_LocalRotation.y
      value: 0
      objectReference: {fileID: 0}
    - target: {fileID: 2186840549517733279, guid: dfbcd5857555f094f99b5ce656b2226a,
        type: 3}
      propertyPath: m_LocalRotation.z
      value: 0
      objectReference: {fileID: 0}
    - target: {fileID: 2186840549517733279, guid: dfbcd5857555f094f99b5ce656b2226a,
        type: 3}
      propertyPath: m_LocalEulerAnglesHint.x
      value: 0
      objectReference: {fileID: 0}
    - target: {fileID: 2186840549517733279, guid: dfbcd5857555f094f99b5ce656b2226a,
        type: 3}
      propertyPath: m_LocalEulerAnglesHint.y
      value: 0
      objectReference: {fileID: 0}
    - target: {fileID: 2186840549517733279, guid: dfbcd5857555f094f99b5ce656b2226a,
        type: 3}
      propertyPath: m_LocalEulerAnglesHint.z
      value: 0
      objectReference: {fileID: 0}
    - target: {fileID: 7455912050834842203, guid: dfbcd5857555f094f99b5ce656b2226a,
        type: 3}
      propertyPath: m_Name
      value: Fire
      objectReference: {fileID: 0}
    - target: {fileID: 7455912050834842203, guid: dfbcd5857555f094f99b5ce656b2226a,
        type: 3}
      propertyPath: m_StaticEditorFlags
      value: 4294967295
      objectReference: {fileID: 0}
    m_RemovedComponents: []
  m_SourcePrefab: {fileID: 100100000, guid: dfbcd5857555f094f99b5ce656b2226a, type: 3}
--- !u!4 &4548189135805098531 stripped
Transform:
  m_CorrespondingSourceObject: {fileID: 2186840549517733279, guid: dfbcd5857555f094f99b5ce656b2226a,
    type: 3}
  m_PrefabInstance: {fileID: 2397988746266445756}
  m_PrefabAsset: {fileID: 0}
--- !u!1001 &3242361211704963654
PrefabInstance:
  m_ObjectHideFlags: 0
  serializedVersion: 2
  m_Modification:
    m_TransformParent: {fileID: 9130562836725290666}
    m_Modifications:
    - target: {fileID: 1261651059060241952, guid: 0d62112ed9d6ccc48bf9c06fa9309cdc,
        type: 3}
      propertyPath: m_Name
      value: Fire Light
      objectReference: {fileID: 0}
    - target: {fileID: 1261651059060241952, guid: 0d62112ed9d6ccc48bf9c06fa9309cdc,
        type: 3}
      propertyPath: m_StaticEditorFlags
      value: 4294967295
      objectReference: {fileID: 0}
    - target: {fileID: 7540089627826977252, guid: 0d62112ed9d6ccc48bf9c06fa9309cdc,
        type: 3}
      propertyPath: m_RootOrder
      value: 2
      objectReference: {fileID: 0}
    - target: {fileID: 7540089627826977252, guid: 0d62112ed9d6ccc48bf9c06fa9309cdc,
        type: 3}
      propertyPath: m_LocalPosition.x
      value: 0.0227
      objectReference: {fileID: 0}
    - target: {fileID: 7540089627826977252, guid: 0d62112ed9d6ccc48bf9c06fa9309cdc,
        type: 3}
      propertyPath: m_LocalPosition.y
      value: 0.0154
      objectReference: {fileID: 0}
    - target: {fileID: 7540089627826977252, guid: 0d62112ed9d6ccc48bf9c06fa9309cdc,
        type: 3}
      propertyPath: m_LocalPosition.z
      value: 0.00405
      objectReference: {fileID: 0}
    - target: {fileID: 7540089627826977252, guid: 0d62112ed9d6ccc48bf9c06fa9309cdc,
        type: 3}
      propertyPath: m_LocalRotation.w
      value: 0
      objectReference: {fileID: 0}
    - target: {fileID: 7540089627826977252, guid: 0d62112ed9d6ccc48bf9c06fa9309cdc,
        type: 3}
      propertyPath: m_LocalRotation.x
      value: 1
      objectReference: {fileID: 0}
    - target: {fileID: 7540089627826977252, guid: 0d62112ed9d6ccc48bf9c06fa9309cdc,
        type: 3}
      propertyPath: m_LocalRotation.y
      value: 0
      objectReference: {fileID: 0}
    - target: {fileID: 7540089627826977252, guid: 0d62112ed9d6ccc48bf9c06fa9309cdc,
        type: 3}
      propertyPath: m_LocalRotation.z
      value: 0
      objectReference: {fileID: 0}
    - target: {fileID: 7540089627826977252, guid: 0d62112ed9d6ccc48bf9c06fa9309cdc,
        type: 3}
      propertyPath: m_LocalEulerAnglesHint.x
      value: 180
      objectReference: {fileID: 0}
    - target: {fileID: 7540089627826977252, guid: 0d62112ed9d6ccc48bf9c06fa9309cdc,
        type: 3}
      propertyPath: m_LocalEulerAnglesHint.y
      value: 0
      objectReference: {fileID: 0}
    - target: {fileID: 7540089627826977252, guid: 0d62112ed9d6ccc48bf9c06fa9309cdc,
        type: 3}
      propertyPath: m_LocalEulerAnglesHint.z
      value: 0
      objectReference: {fileID: 0}
    m_RemovedComponents: []
  m_SourcePrefab: {fileID: 100100000, guid: 0d62112ed9d6ccc48bf9c06fa9309cdc, type: 3}
--- !u!4 &4926069131735075746 stripped
Transform:
  m_CorrespondingSourceObject: {fileID: 7540089627826977252, guid: 0d62112ed9d6ccc48bf9c06fa9309cdc,
    type: 3}
  m_PrefabInstance: {fileID: 3242361211704963654}
  m_PrefabAsset: {fileID: 0}
